

@misc{STRM0038,
   author = "ST",
   title = "RM0038 Reference manual - STM32L151xx, STM32L152xx and STM32L162xx advanced ARM-based 32-bit MCUs",
   year = "2012",
}

@misc{UM1079,
   author = "ST",
   title = "UM1079 User manual - STM32L-DISCOVERY",
   note = "Doc ID 018789 Rev 2",
   year = 2012
}

@misc{DS1002,
   author = "Lattice Semiconductor Corportation",
   title = "MachXO Family Data Sheet",
   note = "DS1002 Version 02.9, July 2010",
   year = 2010
}

@misc{EB66,
   author = "Lattice Semiconductor Corportation",
   title = "MachXO2280 Breakout Board Evaluation Kit Users Guide",
   note = {March 2011, Revision: EB66\_01.0},
   year = 2011
}

@misc{Diamond,
	author = {Lattice Semiconductor},
	title = {Lattice Diamond Design Software},
	url = {http://www.latticesemi.com/products/designsoftware/diamond/index.cfm?source=topnav},
	howpublished = {\url{http://www.latticesemi.com/products/designsoftware/diamond/index.cfm?source=topnav}},
	series = {1.4.1.91 (2012)},
	note = "[Online; accessed 23-March-2012]",
	year = 2012
}


@misc{LOGISIM,
	author = {Logisim},
	institution = {Logisim},
	series = {2.7.0 (2011)},
	title = {Logisim, a graphical tool for designing and simulating logic circuits},
	url = {http://ozark.hendrix.edu/~burch/logisim/},
	howpublished = {\url{http://ozark.hendrix.edu/~burch/logisim/}},
	year = 2011
}


@book{roth2009fundamentals,
  title={Fundamentals of Logic Design},
  author={Charles Roth Jr.},
  isbn={9780495668046},
  url={http://books.google.com/books?id=EHN8VrpC21cC},
  year={2009},
  publisher={Cengage Learning}
}


@misc{NGSPICE,
	author = {Ngspice},
	series = {20},
	title = {Ngspice, Spice circuit simulator},
	url = {http://ngspice.sourceforge.net},
	howpublished = {\url{http://ngspice.sourceforge.net}},
	year = 2011,
}

@misc{ORCAD,
	title = {Orcad, Electronic Design Automation Software},
	url = {http://www.cadence.com/orcad/},
	howpublished = {\url{http://www.cadence.com/orcad/}},
	note = {Cadence Design Systems},
	year = 2011,
}

@misc{GNUPLOT,
	title = {Gnuplot},
	series = {4.4.3},
	author = {Thomas Williams and Colin Kelley},
	url = {http://www.gnuplot.info},
	howpublished = {\url{http://www.gnuplot.info}},
	year = 2011,
}

@book{nilsson2008electric,
  title={Electric circuits},
  author={Nilsson, J.W. and Riedel, S.A.},
  isbn={9780131989252},
  lccn={2007279221},
  url={http://books.google.com/books?id=sxmM8RFL99wC},
  year={2008},
  publisher={Pearson/Prentice Hall}
}

@misc{wiki:SPICE,
   author = "Wikipedia",
   title = "SPICE --- {W}ikipedia{,} The Free Encyclopedia",
   year = "2011",
   url = "http://http://en.wikipedia.org/wiki/SPICE",
   howpublished = {\url{http://en.wikipedia.org/wiki/SPICE}},
   note = "[Online; accessed 19-September-2011]"
}

@misc{wiki:Pspice,
   author = "Wikipedia",
   title = "Pspice --- {W}ikipedia{,} The Free Encyclopedia",
   year = "2011",
   url = "http://http://en.wikipedia.org/wiki/Pspice",
   howpublished = {\url{http://en.wikipedia.org/wiki/Pspice}},
   note = "[Online; accessed 8-October-2011]"
}

@book{neamen2009microelectronics,
  title={Microelectronics Circuit Analysis and Design},
  author={Neamen, D.A.},
  isbn={9780073380643},
  lccn={2009014106},
  url={http://books.google.com/books?id=t6FfPgAACAAJ},
  year={2009},
  publisher={McGraw-Hill}
}

@Manual{R,
	title        = {R: A Language and Environment for Statistical Computing},
	author       = {{R Development Core Team}},
	organization = {R Foundation for Statistical Computing},
	address      = {Vienna, Austria},
	year         = 2011,
	note         = {{ISBN} 3-900051-07-0},
	url          = {http://www.R-project.org}
}

@book{wickham2009ggplot2,
  title={ggplot2: elegant graphics for data analysis},
  author={Wickham, H.},
  isbn={9780387981406},
  lccn={2009928510},
  series={Use R!},
  url={http://books.google.com/books?id=F\_hwtlzPXBcC},
  year={2009},
  publisher={Springer}
}

@book{cady2009microcontrollers,
  title={Microcontrollers and microcomputers: principles of software and hardware engineering},
  author={Cady, F.M.},
  isbn={9780195371611},
  lccn={2008045026},
  url={http://books.google.com/books?id=jsoIPwAACAAJ},
  year={2009},
  publisher={Oxford University Press}
}


@book{furber2000arm,
  title={ARM system-on-chip architecture},
  author={Furber, S.B.},
  isbn={9780201675191},
  lccn={00044147},
  url={http://books.google.com/books?id=J\_Fu\_YTVD9gC},
  year={2000},
  publisher={Addison-Wesley}
}


@book{thomas2002verilog,
  title={The Verilog Hardware Description Language},
  author={Thomas, D.E. and Moorby, P.R.},
  number={v. 2},
  isbn={9781402070891},
  lccn={20266076},
  series={The Verilog Hardware Description Language},
  url={http://books.google.com/books?id=59UxOgzH2tAC},
  year={2002},
  publisher={Kluwer Academic Publishers}
}
